@ARTICLE{tms_article,
    author = {Hagit Attiya and Alexey Gotsman and Sandeep Hans and Noam Rinetzky},
    title = {Safety of Live Transactions in Transactional Memory:
TMS is Necessary and Sufficient.},
    year = {2014},
    journal = {Distributed Computing: 28th International Symposium DISC 2014},
    pages = {376 - 390} 
}

@ARTICLE{opacity_article,
    author = {Hagit Attiya and Alexey Gotsman and Sandeep Hans and Noam Rinetzky},
    title = {A Programming Language Perspective on
Transactional Memory Consistency.},
    year = {2013},
    journal = {PODC'13 Proceedings of the 2013 ACM symposium on Principles of distributed computing},
    pages = {309-318} 
}

@MISC{Guerraoui07opacity:a,
    author = {Rachid Guerraoui and Michał Kapałka},
    title = {Opacity: A Correctness Condition for Transactional Memory },
    year = {2007}
}
